@article{Abl:45,
	author={B.C. Able},
	title={The examination of cell nuclei},
	journal={Birches. J.},
	year={1945},
	volume={35},
	pages={123--126},
}


@incollection{AbTaRu:54,
	author={B.C. Able and R.A. Tagg and M. Rush},
	title={Enzyme-catalyzed cellular transanimations},
	pages={125--247},
	editor={A.F. Round},
	publisher={Academic  Press},
	year={1954},
	volume={2},
	booktitle={Advances in Enzymology},
	address={New York},
	edition={3rd},
}

@book{Bak:63a,
	author={R.C. Baker},
	title={Microscopic Staining Techniques},
	publisher={Butterworths},
	year={1963},
	address={London},
}


@misc{Salviato,
	author={T. Salviato},
	year={2016},
        title={ESPECIAL: Lixo eletrônico},
        howpublished = {\url{https://trf-1.jusbrasil.com.br/noticias/267381925/especial-lixo-eletronico}},
        note = {Acesso: 01-04-2019}
}

@misc{proex,
	year={2019},
	author={PROEX},
	title={Pró-Reitoria de Extensão},
	howpublished={https://www.proex.ufop.br}
}
