@article{ufop2016,
	author = {UFOP},
	title = {Projeto recicla computadores que beneficiam universidade e escolas da região},
	date = {25 out 2016},
	url = {http://bit.ly/2Y1x7WC},
	urlaccesdate = {02 mai. 2019},
	organization = {Universidade Federal de Ouro Preto},
	year = {2016},
	journal = {Assessoria de comunicação da UFOP}	
}

@article{Salviato,
	author={T. Salviato},
	year={2016},
	journal = {Notícias Jus Brasil},
        title={ESPECIAL: Lixo eletrônico},
        url = {http://bit.ly/2Lx6BTR},
        urlaccessdate = {04 jan 2019}
}

@misc{proex,
	year={2019},
	author={PROEX},
	title={Pró-Reitoria de Extensão},
	url ={https://www.proex.ufop.br}
}

@manual{e-waste,
	author={ONU},
	organization={Organização das Nações Unidas},
	title={The Global E-waste Monitor 2017 Quantities, Flows, and Resources},
	url ={http://ewastemonitor.info/},
	year = {2017},
	urlaccessdate = {02 mai 2019}
}

@article{lamparina,
	author = {Letícia Lopes AND Lethícia Souza AND Fernanda Walmer},
	title = {Caminhos do lixo},
	date = {30 mar 2017},
	url = {http://bit.ly/2WokvbG},
	urlaccesdate = {02 mai. 2019},
	journal = {Jornal Lamparina},
	year = {2017}
}

@manual{ufop2007,
	author = {UFOP},
	title = {Manual de uso da logomarca UFOP.},
	date = {29 jan 2007},
	url = {http://bit.ly/2Wv6j0M},
	urlaccesdate = {05 mai. 2019},
	organization = {Baseado na resolução CUNI n. 805, de 29 janeiro 2007 da Universidade Federal de Ouro Preto},
	year = {2007}	
}